<record><leader>00000cas a2200000 a 4500</leader><controlfield tag="001">10247725</controlfield><controlfield tag="008">831222c19839999hiumr ne      0   a0eng d</controlfield><datafield ind1=" " ind2=" " tag="010"><subfield code="a">sn 85047250 </subfield></datafield><datafield ind1=" " ind2=" " tag="040"><subfield code="a">HUH</subfield><subfield code="b">eng</subfield><subfield code="c">HUH</subfield><subfield code="d">HWN</subfield><subfield code="d">OCL</subfield><subfield code="d">OCLCQ</subfield><subfield code="d">OCLCF</subfield><subfield code="d">OCLCO</subfield></datafield><datafield ind1="1" ind2=" " tag="029"><subfield code="a">AU@</subfield><subfield code="b">000025293184</subfield></datafield><datafield ind1=" " ind2=" " tag="037"><subfield code="b">1750 Kalakaua Ave., Suite 3501, Honolulu, Hawaii 96826</subfield></datafield><datafield ind1=" " ind2=" " tag="042"><subfield code="a">msc</subfield></datafield><datafield ind1=" " ind2=" " tag="043"><subfield code="a">n-us-hi</subfield></datafield><datafield ind1=" " ind2=" " tag="090"><subfield code="a">DU629.H7</subfield><subfield code="b">N492</subfield></datafield><datafield ind1="0" ind2="4" tag="245"><subfield code="a">The News.</subfield><subfield code="p">Manoa, Makiki.</subfield></datafield><datafield ind1="1" ind2="7" tag="246"><subfield code="a">News, zone 1</subfield></datafield><datafield ind1=" " ind2=" " tag="260"><subfield code="a">Honolulu, Hawaii :</subfield><subfield code="b">Lyden Pub.,</subfield><subfield code="c">1983-</subfield></datafield><datafield ind1=" " ind2=" " tag="300"><subfield code="a">v. :</subfield><subfield code="b">ill. ;</subfield><subfield code="c">41 cm.</subfield></datafield><datafield ind1=" " ind2=" " tag="310"><subfield code="a">Monthly</subfield></datafield><datafield ind1="0" ind2=" " tag="362"><subfield code="a">Vol. 2, no. 12 (Dec. 1, 1983)-</subfield></datafield><datafield ind1=" " ind2=" " tag="500"><subfield code="a">"Serving: Nuuanu, Pacific Heights, Punchbowl, St. Louis Heights."</subfield></datafield><datafield ind1=" " ind2="0" tag="651"><subfield code="a">Honolulu (Hawaii)</subfield><subfield code="v">Periodicals.</subfield></datafield><datafield ind1=" " ind2="7" tag="655"><subfield code="a">Periodicals.</subfield><subfield code="2">fast</subfield><subfield code="0">(OCoLC)fst01411641</subfield></datafield><datafield ind1=" " ind2="7" tag="651"><subfield code="a">Hawaii</subfield><subfield code="z">Honolulu.</subfield><subfield code="2">fast</subfield><subfield code="0">(OCoLC)fst01204916</subfield></datafield><datafield ind1=" " ind2=" " tag="752"><subfield code="a">United States</subfield><subfield code="b">Hawaii</subfield><subfield code="c">Honolulu</subfield><subfield code="d">Honolulu.</subfield></datafield><datafield ind1="0" ind2="1" tag="780"><subfield code="t">News (Honolulu, Hawaii)</subfield><subfield code="w">(DLC)sn 84047240</subfield><subfield code="w">(OCoLC)10247313</subfield></datafield></record>